<?xml version="1.0" encoding="UTF-8"?><collection xmlns="http://www.loc.gov/MARC21/slim"><record><leader>00632nam--2200217-i-4500</leader><controlfield tag="001">000050241</controlfield><controlfield tag="002">20161230</controlfield><controlfield tag="005">20161230201048</controlfield><controlfield tag="008">060222s1000------------r-----000-0-rus-d</controlfield><datafield ind1=" " ind2=" " tag="040"><subfield code="a">IFIN-HH</subfield></datafield><datafield ind1=" " ind2=" " tag="041"><subfield code="a">rus</subfield></datafield><datafield ind1=" " ind2=" " tag="080"><subfield code="a">538.9</subfield></datafield><datafield ind1="1" ind2=" " tag="100"><subfield code="a">Barret, C.S</subfield></datafield><datafield ind1="1" ind2="0" tag="245"><subfield code="a">Struktura metallov</subfield><subfield code="c">C.s. barret, t.b. massaalski</subfield></datafield><datafield ind1=" " ind2=" " tag="260"><subfield code="a">Moskva</subfield><subfield code="b">Metallurgiia</subfield><subfield code="c">1984</subfield></datafield><datafield ind1=" " ind2=" " tag="300"><subfield code="a">2 VOLUME</subfield></datafield><datafield ind1=" " ind2=" " tag="500"><subfield code="a">Titlul Original In Limba Engleza: Structure Of Metals Crystallographic Methods, Principles And Data</subfield></datafield><datafield ind1="1" ind2=" " tag="700"><subfield code="a">Massalski, T.B</subfield></datafield><datafield ind1="1" ind2=" " tag="787"><subfield code="a">Ceast Ii</subfield><subfield code="h">/352p./Vii+685p</subfield></datafield><datafield ind1=" " ind2=" " tag="852"><subfield code="a">72309</subfield><subfield code="c">539.2</subfield></datafield><datafield ind1=" " ind2=" " tag="CAT"><subfield code="a">Sys</subfield><subfield code="c">20121108</subfield><subfield code="h">114924</subfield></datafield></record></collection>